%% This BibTeX bibliography file was created using BibDesk.
%% http://bibdesk.sourceforge.net/


%% Created for Peixian Wang at 2016-02-25 16:10:54 -0600 


%% Saved with string encoding Unicode (UTF-8) 



@article{lyndsAndToomre,
	Author = {Lynds, R. and Toomre, A.},
	Journal = {Ap. J.},
	Pages = {209},
	Year = {1976}
}
@article{symmetricStellarRings,
	Author = "Struck-Marcell, C. and Lotan, P.",
	Journal = "Ap. J.",
	Year = "1990",
	Volume = "358",
	Pages = "99-115"
}
@article{ringsAndPseudoRings,
	Author = "Buta, R.",
	Journal = "ASP",
	Pages = "654-656",
	Year = "1993",
	Volume = "105"
}
@article{accretionEvents,
	Author = "Johnston, K.; Hernquist, L. and Bolte, M.",
	Journal = "Ap. J.",
	Pages = "465",
	Year = "1996"
}

@misc{dymanicsOfTidalTails,
	Author = "Choi, J.; Weinberg, M. and Katz, N.",
	Title = "The Dynamics of Tidal Tails from Massive Satellites",
	Year = "2008",
	url = "http://arxiv.org/abs/astro-ph/0702353"
}

@article{distributionOfAtomicHydrogen,
	Author = "Knapp, G.R.; Driel, W. and Woerden, H.",
	Year = "1984",
	Journal = "Astron. Astrophys.",
	Pages = "1-8",
	Volume = "142"
}

@article{selfGravitatingPolarRings,
	Author = "Arnaboldi, M.",
	Year = "1994",
	Journal = "Ap. J.",
	Volume = "107",
	Number = "3"
}
@article{lastMajorInvasion,
	Author = "Gilmore, G.; Wise, R. F. G. and Norris",
	Journal = "Ap. J.",
	Year = "2002",
	Volume = "574",
	Pages = "L39-L42"
}
@article{galaxyNBody,
	Author = "Kypin, A.; Gottober, S. and Kravtsov A.",
	Journal = "Ap. J.",
	Year = "1999",
	Volume = "516",
	Pages = "530-551"
}
@article{globlarClusters,
	Author = "Bellazzini, M. and Ferraro F.",
	Journal = "Ap. J.",
	Year = "2003",
	Volume = "125",
	Pages = "188-196"
}
@article{ghostOfSagittarius,
	Author = "Newberg et al.",
	Journal = "Ap. J.",
	Year = "2002",
	Volume = "596",
	Pages = "245-274"
}
@article{virgoOverdensity,
	Author = "Martinez-Delgado et al.",
	Journal = "Ap. J.",
	Year = "2007",
	Volume = "660",
	Pages = "1264-1272"
}
@article{magellanicStream,
	Author = "Wannier, P. and Wrixon, G.",
	Journal = "Ap. J.",
	Year = "1972",
	Volume = "173",
	Pages = "L119-L123"
}
@article{monocerosRing,
	Author = "Monany et al.",
	Journal = "Astronomy and Astrophysics",
	Number = "aa4081-05",
	Year = "2006"
}