@misc{dymanicsOfTidalTails,
	Author = "Choi, J.; Weinberg, M. and Katz, N.",
	Title = "The Dynamics of Tidal Tails from Massive Satellites",
	Year = "2008",
	url = "http://arxiv.org/abs/astro-ph/0702353"
}
@article{debrisSatellite,
  author={Kathryn V. Johnston and Penny D. Sackett and James S. Bullock},
  title={Interpreting Debris from Satellite Disruption in External Galaxies},
  journal={The Astrophysical Journal},
  volume={557},
  number={1},
  pages={137},
  url={http://stacks.iop.org/0004-637X/557/i=1/a=137},
  year={2001}
}

@book{binneyTremaine,
   author = {Binney, J. and Tremaine, S.},
    title = "{Galactic dynamics}",
 keywords = {Astrophysics, Celestial Mechanics, Galactic Structure, Milky Way Galaxy, Dark Matter, Galactic Evolution, Jeans Theory, Orbital Mechanics, Potential Theory, Stellar Evolution, Stellar Systems},
booktitle = {Princeton, NJ, Princeton University Press, 1987, 747 p.},
     year = 1987,
   adsurl = {http://adsabs.harvard.edu/abs/1987gady.book.....B},
  adsnote = {Provided by the SAO/NASA Astrophysics Data System}
}


  	
@article{grillmairDionatos,
  author={C. J. Grillmair and O. Dionatos},
  title={A 22Â° Tidal Tail for Palomar 5},
  journal={The Astrophysical Journal Letters},
  volume={641},
  number={1},
  pages={L37},
  url={http://stacks.iop.org/1538-4357/641/i=1/a=L37},
  year={2006}
}
	
@ARTICLE{leonCombes,
   author = {{Leon}, S. and {Meylan}, G. and {Combes}, F.},
    title = "{Tidal tails around 20 Galactic globular clusters. Observational evidence for gravitational disk/bulge shocking}",
  journal = {\aap},
   eprint = {astro-ph/0006100},
 keywords = {TECHNIQUES: IMAGE PROCESSING, ISM: DUST, EXTINCTION, GALAXY: GLOBULAR CLUSTERS: GENERAL, GALAXY: STRUCTURE, COSMOLOGY: LARGE-SCALE STRUCTURE OF UNIVERSE},
     year = 2000,
    month = jul,
   volume = 359,
    pages = {907-931},
   adsurl = {http://adsabs.harvard.edu/abs/2000A%26A...359..907L},
  adsnote = {Provided by the SAO/NASA Astrophysics Data System}
}

@article{ringsAndPseudoRings,
	Author = "Buta, R.",
	Journal = "ASP",
	Pages = "654-656",
	Year = "1993",
	Volume = "105"
}
@article{dynamicalFriction,
	Author = "S. Chandrasekhar",
	Title = "General Considerations: The Coefficient of Dynamical Friction",
	Year = "1943"
}