@article{dynamicalFriction,
	Author = "S. Chandrasekhar",
	Title = "General Considerations: The Coefficient of Dynamical Friction",
	Year = "1943"
}
@misc{dymanicsOfTidalTails,
	Author = "Choi, J.; Weinberg, M. and Katz, N.",
	Title = "The Dynamics of Tidal Tails from Massive Satellites",
	Year = "2008",
	url = "http://arxiv.org/abs/astro-ph/0702353"
}
@article{truncationOfHalos,
  author={JÃ¼rg Diemand and Michael Kuhlen and Piero Madau},
  title={Formation and Evolution of Galaxy Dark Matter Halos and Their Substructure},
  journal={ApJ},
  volume={667},
  number={2},
  pages={859},
  url={http://stacks.iop.org/0004-637X/667/i=2/a=859},
  year={2007}
}
@misc{enzoAlgos,
	title = "Enzo Algorithms",
	year = "2016",
	url = "https://enzo.readthedocs.org/en/enzo-2.5/reference/EnzoAlgorithms.html"
	
}
@article{bryanNorman,
	author = "Bryan G. L.; Norman M. L.",
	year = "1998",
	journal = "ApJ",
	volume = "495",
	pages = "80"
}
@misc{structureofDarkMatterHalos,
	title ="Structure of Dark Matter Halos",
	year = "2010",
	url = "http://home.strw.leidenuniv.nl/~franx/college/galaxies10/handout4.pdf"
}
@article{ibataLewis,
	author = "Ibata; Lewis",
	year = 1998
}