@article{lyndsAndToomre,
	Author = {Lynds, R. and Toomre, A.},
	Journal = {Ap. J.},
	Pages = {209},
	Year = {1976}
}
@article{symmetricStellarRings,
	Author = "Struck-Marcell, C. and Lotan, P.",
	Journal = "Ap. J.",
	Year = "1990",
	Volume = "358",
	Pages = "99-115"
}
@article{ringsAndPseudoRings,
	Author = "Buta, R.",
	Journal = "ASP",
	Pages = "654-656",
	Year = "1993",
	Volume = "105"
}
@article{accretionEvents,
	Author = "Johnston, K.; Hernquist, L. and Bolte, M.",
	Journal = "Ap. J.",
	Pages = "465",
	Year = "1996"
}

@misc{dynamicsOfTidalTails,
	Author = "Choi, J.; Weinberg, M. and Katz, N.",
	Title = "The Dynamics of Tidal Tails from Massive Satellites",
	Year = "2008",
	url = "http://arxiv.org/abs/astro-ph/0702353"
}

@article{distributionOfAtomicHydrogen,
	Author = "Knapp, G.R.; Driel, W. and Woerden, H.",
	Year = "1984",
	Journal = "Astron. Astrophys.",
	Pages = "1-8",
	Volume = "142"
}

@article{selfGravitatingPolarRings,
	Author = "Arnaboldi, M.",
	Year = "1994",
	Journal = "Ap. J.",
	Volume = "107",
	Number = "3"
}
@article{lastMajorInvasion,
	Author = "Gilmore, G.; Wise, R. F. G. and Norris",
	Journal = "Ap. J.",
	Year = "2002",
	Volume = "574",
	Pages = "L39-L42"
}
@article{galaxyNBody,
	Author = "Kypin, A.; Gottober, S. and Kravtsov A.",
	Journal = "Ap. J.",
	Year = "1999",
	Volume = "516",
	Pages = "530-551"
}
@article{globlarClusters,
	Author = "Bellazzini, M. and Ferraro F.",
	Journal = "Ap. J.",
	Year = "2003",
	Volume = "125",
	Pages = "188-196"
}
@article{ghostOfSagittarius,
	Author = "Newberg, et al.",
	Journal = "Ap. J.",
	Year = "2002",
	Volume = "596",
	Pages = "245-274"
}
@article{virgoOverdensity,
	Author = "Martinez-Delgado, et al.",
	Journal = "Ap. J.",
	Year = "2007",
	Volume = "660",
	Pages = "1264-1272"
}
@article{magellanicStream,
	Author = "Wannier, P. and Wrixon, G.",
	Journal = "Ap. J.",
	Year = "1972",
	Volume = "173",
	Pages = "L119-L123"
}
@article{monocerosRing,
	Author = "Monany, et al.",
	Journal = "Astronomy and Astrophysics",
	Number = "aa4081-05",
	Year = "2006"
}
@article{truncationOfHalos,
  author={Jürg Diemand and Michael Kuhlen and Piero Madau},
  title={Formation and Evolution of Galaxy Dark Matter Halos and Their Substructure},
  journal={ApJ},
  volume={667},
  number={2},
  pages={859},
  url={http://stacks.iop.org/0004-637X/667/i=2/a=859},
  year={2007}
}
@misc{enzoAlgos,
	title = "Enzo Algorithms",
	year = "2016",
	url = "https://enzo.readthedocs.org/en/enzo-2.5/reference/EnzoAlgorithms.html",
	author = "B. O'Shea, et al."
}
@article{bryanNorman,
	author = "Bryan G. L.; Norman M. L.",
	year = "1998",
	journal = "ApJ",
	volume = "495",
	pages = "80"
}
@misc{structureofDarkMatterHalos,
	title ="Structure of Dark Matter Halos",
	year = "2010",
	url = "http://home.strw.leidenuniv.nl/~franx/college/galaxies10/handout4.pdf",
	author = "Marjin Franx"
}
@ARTICLE{ibataLewis,
   author = {{Ibata}, R.~A. and {Lewis}, G.~F.},
    title = "{Galactic Indigestion: Numerical Simulations of the Milky Way's Closest Neighbor}",
  journal = {\apj},
   eprint = {astro-ph/9802212},
 keywords = {CELESTIAL MECHANICS, STELLAR DYNAMICS, COSMOLOGY: DARK MATTER, GALAXIES: INTERACTIONS, GALAXIES: MAGELLANIC CLOUDS, METHODS: NUMERICAL, Celestial Mechanics, Stellar Dynamics, Cosmology: Dark Matter, Galaxies: Interactions, Galaxies: Magellanic Clouds, Methods: Numerical},
     year = 1998,
    month = jun,
   volume = 500,
    pages = {575-590},
      doi = {10.1086/305773},
   adsurl = {http://cdsads.u-strasbg.fr/abs/1998ApJ...500..575I},
  adsnote = {Provided by the SAO/NASA Astrophysics Data System}
}

@misc{dynamicsOfTidalTails,
	Author = "Choi, J.; Weinberg, M. and Katz, N.",
	Title = "The Dynamics of Tidal Tails from Massive Satellites",
	Year = "2008",
	url = "http://arxiv.org/abs/astro-ph/0702353"
}
@article{debrisSatellite,
  author={Kathryn V. Johnston and Penny D. Sackett and James S. Bullock},
  title={Interpreting Debris from Satellite Disruption in External Galaxies},
  journal={The Astrophysical Journal},
  volume={557},
  number={1},
  pages={137},
  url={http://stacks.iop.org/0004-637X/557/i=1/a=137},
  year={2001}
}

@book{binneyTremaine,
   author = {Binney, J. and Tremaine, S.},
    title = "{Galactic dynamics}",
 keywords = {Astrophysics, Celestial Mechanics, Galactic Structure, Milky Way Galaxy, Dark Matter, Galactic Evolution, Jeans Theory, Orbital Mechanics, Potential Theory, Stellar Evolution, Stellar Systems},
booktitle = {Princeton, NJ, Princeton University Press, 1987, 747 p.},
     year = 1987,
   adsurl = {http://adsabs.harvard.edu/abs/1987gady.book.....B},
  adsnote = {Provided by the SAO/NASA Astrophysics Data System},
  publisher = "Princeton University Press"
}

@article{grillmairDionatos,
  author={C. J. Grillmair and O. Dionatos},
  title={A 22° Tidal Tail for Palomar 5},
  journal={The Astrophysical Journal Letters},
  volume={641},
  number={1},
  pages={L37},
  url={http://stacks.iop.org/1538-4357/641/i=1/a=L37},
  year={2006}
}
	
@ARTICLE{leonCombes,
   author = {{Leon}, S. and {Meylan}, G. and {Combes}, F.},
    title = "{Tidal tails around 20 Galactic globular clusters. Observational evidence for gravitational disk/bulge shocking}",
  journal = {\aap},
   eprint = {astro-ph/0006100},
 keywords = {TECHNIQUES: IMAGE PROCESSING, ISM: DUST, EXTINCTION, GALAXY: GLOBULAR CLUSTERS: GENERAL, GALAXY: STRUCTURE, COSMOLOGY: LARGE-SCALE STRUCTURE OF UNIVERSE},
     year = 2000,
    month = jul,
   volume = 359,
    pages = {907-931},
   adsurl = {http://adsabs.harvard.edu/abs/2000A%26A...359..907L},
  adsnote = {Provided by the SAO/NASA Astrophysics Data System}
}

@article{dynamicalFriction,
	Author = "S. Chandrasekhar",
	Title = "General Considerations: The Coefficient of Dynamical Friction",
	Year = "1943",
	journal = "ApJ"
}
@misc{cartwheel,
	author = {NASA/ESA},
	title = {Cartwheel Galaxy},
	year = {2010},
	url = {https://en.wikipedia.org/wiki/File:Cartwheel_Galaxy.jpg}
}  	
@article{delgado,
  author={David Martínez-Delgado and Michael Pohlen and R. Jay Gabany and Steven R. Majewski and Jorge Peñarrubia and Chris Palma},
  title={Discovery of a Giant Stellar Tidal Stream Around The Disk Galaxy NGC 4013},
  journal={The Astrophysical Journal},
  volume={692},
  number={2},
  pages={955},
  url={http://stacks.iop.org/0004-637X/692/i=2/a=955},
  year={2009}
}
	
@ARTICLE{foster,
   author = {{Foster}, C. and {Lux}, H. and {Romanowsky}, A.~J. and {Mart{\'{\i}}nez-Delgado}, D. and 
	{Zibetti}, S. and {Arnold}, J.~A. and {Brodie}, J.~P. and {Ciardullo}, R. and 
	{GaBany}, R.~J. and {Merrifield}, M.~R. and {Singh}, N. and 
	{Strader}, J.},
    title = "{Kinematics and simulations of the stellar stream in the halo of the Umbrella Galaxy}",
  journal = {\mnras},
archivePrefix = "arXiv",
   eprint = {1406.5511},
 keywords = {galaxies: individual: NGC 4651, galaxies: interactions, galaxies: kinematics and dynamics},
     year = 2014,
    month = aug,
   volume = 442,
    pages = {3544-3564},
      doi = {10.1093/mnras/stu1074},
   adsurl = {http://adsabs.harvard.edu/abs/2014MNRAS.442.3544F},
  adsnote = {Provided by the SAO/NASA Astrophysics Data System}
}

@article{fieldOfStreams,
  author={V. Belokurov and D. B. Zucker and N. W. Evans and G. Gilmore and S. Vidrih and D. M. Bramich and H. J. Newberg and R. F. G.
Wyse and M. J. Irwin and M. Fellhauer and P. C. Hewett and N. A. Walton and M. I. Wilkinson and N. Cole and B. Yanny and C. M.
Rockosi and T. C. Beers and E. F. Bell and J. Brinkmann and Ž. Ivezić and R. Lupton},
  title={The Field of Streams: Sagittarius and Its Siblings},
  journal={The Astrophysical Journal Letters},
  volume={642},
  number={2},
  pages={L137},
  url={http://stacks.iop.org/1538-4357/642/i=2/a=L137},
  year={2006}
}

  	
@article{sagittariusFork,
  author={M. Fellhauer and V. Belokurov and N. W. Evans and M. I. Wilkinson and D. B. Zucker and G. Gilmore and M. J. Irwin and D. M.
Bramich and S. Vidrih and R. F. G. Wyse and T. C. Beers and J. Brinkmann},
  title={The Origin of the Bifurcation in the Sagittarius Stream},
  journal={The Astrophysical Journal},
  volume={651},
  number={1},
  pages={167},
  url={http://stacks.iop.org/0004-637X/651/i=1/a=167},
  year={2006}
}
	